@inproceedings{dalal2005histograms,
  title={Histograms of oriented gradients for human detection},
  author={Dalal, Navneet and Triggs, Bill},
  booktitle={2005 IEEE computer society conference on computer vision and pattern recognition (CVPR'05)},
  volume={1},
  pages={886--893},
  year={2005},
  organization={Ieee}
}


@article{ren2015faster,
  title={Faster r-cnn: Towards real-time object detection with region proposal networks},
  author={Ren, Shaoqing and He, Kaiming and Girshick, Ross and Sun, Jian},
  journal={arXiv preprint arXiv:1506.01497},
  year={2015}
}


@inproceedings{redmon2016you,
  title={You only look once: Unified, real-time object detection},
  author={Redmon, Joseph and Divvala, Santosh and Girshick, Ross and Farhadi, Ali},
  booktitle={Proceedings of the IEEE conference on computer vision and pattern recognition},
  pages={779--788},
  year={2016}
}

@inproceedings{nonmax,
  title={Selecting the Right Bounding Box Using Non-Max Suppression (with implementation)},
  author={AISHWARYA SINGH},
  booktitle={\href{https://www.analyticsvidhya.com/blog/2020/08/selecting-the-right-bounding-box-using-non-max-suppression-with-implementation/}{https://www.analyticsvidhya.com/blog/2020/08/selecting-the-right-bounding-box-using-non-max-suppression-with-implementation/}},
  year={2020}
}

@inproceedings{yolov5size,
  title={YOLOV5},
  author={Ultralytics},
  booktitle={\href{https://pytorch.org/hub/ultralytics_yolov5/}{https://pytorch.org/hub/ultralytics_yolov5/}},
  year={2020}
}

@inproceedings{yolov5,
  title={YOLOv5},
  author={Ultralytics},
  booktitle={\href{https://github.com/ultralytics/yolov5}{https://github.com/ultralytics/yolov5}},
  year={2020}
}


@inproceedings{precision,
  title={Precision and Recall},
  booktitle={\href{https://en.wikipedia.org/wiki/Precision_and_recall}{https://en.wikipedia.org/wiki/Precision_and_recall}}
}

@INPROCEEDINGS{7410526,
  author={Girshick, Ross},
  booktitle={2015 IEEE International Conference on Computer Vision (ICCV)}, 
  title={Fast R-CNN}, 
  year={2015},
  volume={},
  number={},
  pages={1440-1448},
  doi={10.1109/ICCV.2015.169}}
  
  @inproceedings{redmon2017yolo9000,
  title={YOLO9000: better, faster, stronger},
  author={Redmon, Joseph and Farhadi, Ali},
  booktitle={Proceedings of the IEEE conference on computer vision and pattern recognition},
  pages={7263--7271},
  year={2017}
}

@article{redmon2018yolov3,
  title={Yolov3: An incremental improvement},
  author={Redmon, Joseph and Farhadi, Ali},
  journal={arXiv preprint arXiv:1804.02767},
  year={2018}
}

@article{bochkovskiy2020yolov4,
  title={Yolov4: Optimal speed and accuracy of object detection},
  author={Bochkovskiy, Alexey and Wang, Chien-Yao and Liao, Hong-Yuan Mark},
  journal={arXiv preprint arXiv:2004.10934},
  year={2020}
}


@article{stefano,
  title={ApiZoom â€“ deep learning to quantify the Varroa parasite in honey bee hive images},
  author={Stefano Vojinovic},
  year={January 2021}
}